@inproceedings{CHE,
  TITLE = {{CyberHumanumEst, une guerre cyber autour des Riverchelles}},
  AUTHOR = {{Guillaume Bonfante et al.}},
  URL = {https://hal.science/hal-04988987},
  BOOKTITLE = {{ RESSI}},
  ADDRESS = {Eppe-Sauvage, France},
  YEAR = {2024},
  MONTH = May,
  KEYWORDS = {cyber-security ; cyberwarefare ; training exercice},
  PDF = {https://hal.science/hal-04988987v1/file/ressi_2024_bonfante_et_al.pdf},
  HAL_ID = {hal-04988987},
  HAL_VERSION = {v1},
}

@book{Lamport,
	title = {Specifying {Systems}: {The} {TLA}+ {Language} and {Tools} for {Hardware} and {Software} {Engineers}},
	isbn = {978-0-321-14306-8},
	publisher = {Addison-Wesley},
	author = {Lamport, Leslie},
	year = {2003},
	lccn = {2002074369},
}

@article{Ferrari_Formal_2022,
	author = {Ferrari, Alessio and Beek, Maurice H. Ter},
	title = {Formal Methods in Railways: A Systematic Mapping Study},
	year = {2022},
	issue_date = {April 2023},
	publisher = {Association for Computing Machinery},
	address = {New York, NY, USA},
	volume = {55},
	number = {4},
	issn = {0360-0300},
	url = {https://doi.org/10.1145/3520480},
	doi = {10.1145/3520480},
	journal = {ACM Comput. Surv.},
	month = nov,
	articleno = {69},
	numpages = {37},
	keywords = {Formal methods, semi-formal methods, model-based development, model checking, theorem proving, static analysis, railway systems, railway signaling, interlocking}
}

@article{lusby_railway_2011,
	title = {Railway track allocation: models and methods},
	volume = {33},
	issn = {1436-6304},
	url = {https://doi.org/10.1007/s00291-009-0189-0},
	doi = {10.1007/s00291-009-0189-0},
	pages = {843--883},
	number = {4},
	journaltitle = {{OR} Spectrum},
	shortjournal = {{OR} Spectrum},
	author = {Lusby, Richard M. and Larsen, Jesper and Ehrgott, Matthias and Ryan, David},
	date = {2011-10-01},
}

@inproceedings{haxthausen_automated_2023,
	location = {Cham},
	title = {Automated Compositional Verification of Interlocking Systems},
	isbn = {978-3-031-43366-5},
	doi = {10.1007/978-3-031-43366-5_9},
	pages = {146--164},
	booktitle = {Reliability, Safety, and Security of Railway Systems. Modelling, Analysis, Verification, and Certification},
	publisher = {Springer Nature Switzerland},
	author = {Haxthausen, Anne E. and Fantechi, Alessandro and Gori, Gloria and Mikkelsen, \'Oli Kárason and Petersen, Sofie-Amalie},
	editor = {Milius, Birgit and Collart-Dutilleul, Simon and Lecomte, Thierry},
	date = {2023},
	langid = {english},
}

@inproceedings{poorhadi_automating_2023,
	location = {Cham},
	title = {Automating an Analysis of Safety-Security Interactions for Railway Systems},
	isbn = {978-3-031-43366-5},
	doi = {10.1007/978-3-031-43366-5_1},
	pages = {3--21},
	booktitle = {Reliability, Safety, and Security of Railway Systems. Modelling, Analysis, Verification, and Certification},
	publisher = {Springer Nature Switzerland},
	author = {Poorhadi, Ehsan and Troubitsyna, Elena},
	editor = {Milius, Birgit and Collart-Dutilleul, Simon and Lecomte, Thierry},
	date = {2023},
	langid = {english},
}

@inproceedings{butler_first_2020,
	location = {Berlin, Heidelberg},
	title = {The First Twenty-Five Years of Industrial Use of the B-Method},
	isbn = {978-3-030-58297-5},
	url = {https://doi.org/10.1007/978-3-030-58298-2_8},
	doi = {10.1007/978-3-030-58298-2_8},
	pages = {189--209},
	booktitle = {Formal Methods for Industrial Critical Systems: 25th International Conference, {FMICS} 2020, Vienna, Austria, September 2–3, 2020, Proceedings},
	publisher = {Springer-Verlag},
	author = {Butler, Michael and Körner, Philipp and Krings, Sebastian and Lecomte, Thierry and Leuschel, Michael and Mejia, Luis-Fernando and Voisin, Laurent},
	urldate = {2025-06-27},
	date = {2020-09-02},
}

@misc{learnTLA,
	author       = {Hillel Wayne},
  	title        = {Learn TLA+},
  	howpublished = {\url{https://learntla.com}},
  	note         = {Consulté le 14 mai 2025}
}