@inproceedings{CHE,
  TITLE = {{CyberHumanumEst, une guerre cyber autour des Riverchelles}},
  AUTHOR = {{Guillaume Bonfante et al.}},
  URL = {https://hal.science/hal-04988987},
  BOOKTITLE = {{ RESSI}},
  ADDRESS = {Eppe-Sauvage, France},
  YEAR = {2024},
  MONTH = May,
  KEYWORDS = {cyber-security ; cyberwarefare ; training exercice},
  PDF = {https://hal.science/hal-04988987v1/file/ressi_2024_bonfante_et_al.pdf},
  HAL_ID = {hal-04988987},
  HAL_VERSION = {v1},
}